3524 5504
935 385 956 446 4

343 573 400 638 Ἐν
415 571 526 654 δεξιοῖς
543 574 658 651 ταύτης
684 572 902 658 Μαννούοῤῥα
928 573 1071 658 Αὐυρὴθ,
1089 571 1241 661 ὀχύρωμα
1257 573 1313 638 καὶ
1330 574 1441 659 κρήνη,
1459 575 1494 656 ἐξ
1509 576 1545 656 ἧς

343 700 493 787 άρδουσιν
517 701 549 766 οἱ
570 700 728 788 ἐγχώριοι,
747 707 874 789 σχοῖνοι
898 701 930 766 ε’.
982 703 1064 767 Εἶτα
1088 702 1359 784 Κομμισίμβηλα
1382 703 1543 791 ὀχύρωμα·

342 831 499 917 παραῤῥεῖ
515 831 548 895 δὲ
559 833 705 910 ποταμὸς
722 833 873 919 Βίληχα,
887 837 1015 919 σχοῖνοι
1029 831 1066 896 δ’.
1115 832 1197 898 Εἶτα
1207 832 1370 916 ’Άλαγμα
1383 833 1543 922 ὀχύρωμα,

342 961 486 1040 σταθμός
511 961 695 1043 βασιλικός,
722 967 849 1048 σχοῖνοι
877 961 921 1044 γ’·
970 963 1038 1042 μεθ’
1065 963 1101 1026 ὃν
1120 961 1231 1050 Ἴχναι
1256 963 1352 1032 πόλις
1376 963 1542 1044 Ἑλληνὶς,

343 1091 538 1166 Μακεδόνων
549 1093 682 1170 κτίσμα·
695 1096 797 1156 κεῖται
808 1091 833 1154 δ’
846 1092 901 1156 ἐπὶ
912 1091 1047 1180 Βάλιχα
1060 1096 1219 1176 ποταμοῦ,
1233 1098 1362 1181 σχοῖνοι
1378 1092 1419 1175 γ’.
1462 1093 1543 1158 Εἶτα

338 1222 541 1307 Νικηφόριον
564 1222 641 1306 παρ’
666 1221 841 1307 Εὐφράτην
868 1222 964 1306 πόλις
989 1221 1155 1316 Ἑλληνὶς,
1179 1225 1303 1302 κτίσμα
1327 1221 1544 1308 Ἀλεξάνδρου

341 1353 516 1432 βασιλέως,
525 1357 653 1439 σχοῖνοι
663 1351 695 1416 ε’.
725 1349 843 1416 Ἔνθεν
852 1329 1088 1437 παραποταμία
1100 1352 1300 1436 Γαλάβαθα,
1314 1352 1405 1432 κώμη
1416 1352 1541 1436 ἔρημος,

341 1487 467 1569 σχοῖνοι
494 1481 529 1546 δ’.
591 1481 673 1547 Εἶτα
699 1483 882 1564 Χουμβανὴ
908 1483 1009 1565 κώμη,
1038 1487 1169 1574 σχοῖνος
1199 1482 1238 1546 α’·
1274 1482 1362 1548 ἔνθεν
1388 1481 1543 1547 Θιλλάδα
1578 1564 1583 1574 ¹

341 1611 505 1699 Μιῤῥάδα,
517 1593 662 1693 σταθμός
673 1613 858 1696 βασιλικός,
872 1618 998 1700 σχοῖνοι
1010 1613 1047 1677 δ’.
1081 1612 1162 1678 Εἶτα
1174 1606 1346 1696 βασίλεια,
1358 1611 1543 1698 Ἀρτέμιδος
1563 1674 1565 1678 ,

341 1742 432 1829 ἱερόν,
444 1745 580 1828 Δαρείου
595 1744 728 1824 κτίσμα,
740 1747 936 1821 κωμόπολις·
954 1743 1090 1808 ἐνταῦθα
1108 1742 1320 1828 Σεμιράμιδός
1334 1745 1403 1808 ἐστι
1416 1742 1540 1829 διῶρυξ,

340 1874 394 1938 καὶ
405 1873 508 1940 λίθοις
518 1874 704 1958 πέφρακται
714 1873 730 1935 ὁ
750 1873 931 1958 Εὐφράτης,
944 1873 993 1938 ἵνα
1006 1875 1300 1961 στενοχωρούμενος
1311 1873 1492 1960 ύπερκλύζῃ
1503 1874 1543 1937 τά

339 2003 443 2070 πεδία·
463 2004 569 2089 θέρους
594 2005 701 2084 μέντοι
726 2009 857 2086 ναυαγεῖ
873 2005 913 2068 τά
929 2009 1043 2068 πλοῖα.
1094 2004 1177 2069 Εῖτα
1192 2005 1324 2069 Ἀλλὰν
1346 2004 1541 2084 κωμόπολις,

340 2138 469 2220 σχοῖνοι
480 2132 618 2198 δ’·’ἔνθεν
632 2135 769 2216 Βηονὰν,
781 2132 967 2219 Ἀρτέμιδος
981 2133 1073 2219 ἱερόν,
1087 2139 1213 2220 σχοῖνοι
1228 2132 1263 2200 δ’.
1308 2133 1390 2198 Εῖτα
1406 2133 1543 2215 Φάλιγα

340 2261 429 2344 κώμη
458 2263 539 2348 πρός
568 2265 613 2349 τῷ
639 2263 805 2350 Εὐφράτῃ·
835 2264 964 2345 λέγοιτο
994 2264 1020 2326 δ’
1048 2264 1089 2326 ἂν
1118 2263 1288 2342 ἑλληνιστὶ
1316 2263 1541 2348 μεσοπορικόν,

340 2393 465 2453 σκοῖνοι
481 2389 514 2458 ς’.
564 2389 653 2454 Ἀπό
669 2389 872 2474 Ἀντιοχείας
896 2389 956 2456 ἕως
982 2391 1094 2454 τούτου
1118 2393 1246 2476 σχοῖνοι
1268 2387 1327 2474 ρκ’·
1353 2387 1493 2453 ἐντεῦθεν
1510 2387 1543 2452 δὲ

340 2513 394 2578 ε’πὶ
410 2516 600 2579 Σελεύκειαν
616 2514 675 2596 τὴν
690 2514 771 2600 πρός
789 2515 833 2599 τῷ
847 2513 973 2599 Τίγριδι
996 2519 1124 2600 σχοῖνοι
1140 2513 1179 2599 ρ’.
1228 2513 1427 2599 Παράκειται
1453 2511 1486 2578 δὲ
1503 2519 1541 2594 τῆ

343 2637 1541 2724 ΦάλιγακωμόπολιςΝαβαγιὶθ,καὶπαραῤῥεῖαύτῆνποταμόςἈβούρας,

339 2763 370 2832 ὅς
381 2763 544 2841 ἐμβάλλει
551 2764 594 2832 εἰς
606 2764 662 2828 τόν
672 2764 854 2849 Εὐφράτην·
866 2764 983 2828 ἐκεῖθεν
994 2763 1152 2839 διαβαίνει
1163 2763 1204 2827 τὰ
1214 2763 1419 2848 στρατόπεδα
1429 2764 1471 2830 εἰς
1483 2763 1541 2846 τὴν

339 2890 424 2954 κατὰ
441 2891 606 2970 Ρωμαίους
619 2891 730 2975 πέραν.
751 2977 753 2980 Ι
781 2889 864 2954 Εἶτα
876 2888 1005 2976 ’Ἃσιχα
1021 2887 1121 2970 κώμη,
1134 2893 1262 2976 σχοῖνοι
1275 2887 1310 2952 δ’·
1329 2888 1417 2954 ἔνθεν
1432 2893 1563 2974 Δούρα,

341 3014 519 3100 Νικάνορος
543 3017 649 3098 πόλις,
671 3017 793 3094 κτίσμα
820 3013 1027 3095 Μακεδόνων,
1046 3011 1109 3077 ὑπὸ
1136 3013 1169 3078 δὲ
1191 3013 1362 3095 Ἑλλήνων
1388 3016 1540 3099 Εὔρωπος

339 3139 683 3228 καλεῖται,,σχοῖνοις’.
728 3140 809 3219 Εἶτα
827 3138 961 3225 Μέῤῥαν
978 3138 1140 3226 ὀχύρωμα,
1153 3139 1350 3221 κωμόπολις,
1361 3145 1490 3227 σχοῖνοι
1506 3140 1538 3206 ε’.

342 3267 422 3331 Εἶτα
439 3265 559 3332 Γιδδὰν
575 3267 681 3348 πόλις,
700 3271 827 3353 σχοῖνοι
843 3265 875 3330 ε’.
927 3265 1007 3329 Εῖτα
1023 3264 1148 3343 Βηλεσὶ
1165 3263 1331 3343 Βιθλάδα,
1349 3271 1479 3353 σχοῖνοι
1497 3267 1515 3343 ζ
1519 3265 1540 3331 '.

334 3393 448 3458 Ἔνθεν
458 3399 552 3474 νῆσος
560 3393 645 3457 κατὰ
656 3391 708 3456 τὸν
720 3389 902 3476 Εὐφράτην,
913 3395 1039 3477 σχοῖνοι
1049 3389 1084 3458 ς’·
1094 3389 1231 3454 ἐνταῦθα
1239 3390 1323 3471 γάζα
1334 3391 1374 3472 ἦν
1385 3391 1542 3477 Φραάτου

339 3523 394 3583 τοῦ
410 3518 662 3601 ἀποσφάξαντας
687 3518 743 3584 τὰς
760 3515 981 3594 παλλακίδας,
995 3512 1060 3580 ’ὅτε
1073 3514 1252 3600 Τηριδάτης
1277 3515 1383 3600 φυγὰς
1400 3516 1444 3580 ὢν
1459 3517 1540 3581 εἰσέ-

339 3646 453 3722 βαλεν.
502 3643 584 3709 Εἶτα
601 3642 731 3708 Ἀναθὼ
756 3649 852 3723 νῆσος
876 3642 961 3705 κατὰ
986 3641 1042 3705 τόν
1067 3640 1242 3726 Εὐφράτην
1257 3639 1397 3706 σταδίων
1419 3641 1456 3720 δ’,
1474 3643 1542 3728 ε’νῇ
1567 3719 1570 3726 ⁴

339 3769 445 3851 πόλις,
459 3774 585 3856 σχοῖνοι
602 3768 639 3830 δ’·
657 3768 725 3847 μεθ’
742 3767 787 3848 ἢν,
798 3741 968 3844 Θιλαβούς
986 3761 1081 3848 νῆσος
1092 3753 1181 3830 ’κατὰ
1199 3765 1256 3830 τόν
1273 3766 1454 3852 Εὐφράτην,
1466 3766 1541 3831 ἔνθα

339 3894 421 3977 γάζα
434 3893 585 3979 Πάρθων,
596 3898 724 3980 σχοῖνοι
737 3892 781 3970 θ.
826 3891 908 3957 Εῖτα
916 3890 945 3954 Ἴ
951 3892 1006 3969 ζαν
1019 3891 1206 3971 νησόπολις,
1219 3896 1346 3980 σχοῖνοι
1359 3891 1416 3968 ιβ’.
1459 3891 1541 3956 Εῖτα

339 4021 514 4102 Ἀείπολις,
528 4019 603 4083 ἔνθα
621 4018 852 4101 ἀσφαλτίτιδες
868 4017 984 4098 πηγαὶ,
998 4021 1127 4103 σχοῖνοι
1143 4015 1189 4084 ις’.
1231 4016 1348 4081 Ἔνθεν
1365 4017 1541 4104 Βεσήχανα

340 4145 445 4224 πόλις,
458 4146 491 4210 ἐν
506 4144 527 4231 ᾗ
543 4143 626 4229 ἱερόν
641 4141 828 4227 Ἀτάργατι,
843 4147 969 4229 σχοῖνοι
986 4140 1043 4218 ιβ.
1094 4140 1175 4204 Εῖτα
1193 4139 1362 4208 Νεάπολις
1380 4143 1471 4227 παρὰ
1488 4141 1543 4206 τόν

342 4269 523 4356 Εὐφράτην,
534 4274 661 4357 σχοῖνοι
678 4267 742 4340 κθ.
788 4266 904 4330 Ἔνθεν
921 4264 1105 4342 διαβάντων
1117 4265 1173 4330 τόν
1191 4266 1367 4351 Εὐφράτην
1381 4267 1437 4332 καὶ
1455 4269 1542 4352 Ναρ-

340 4397 476 4483 μάλχαν
499 4395 554 4460 ἐπὶ
578 4394 767 4458 Σελεύκειαν
791 4392 849 4473 τὴν
872 4391 953 4475 πρός
979 4391 1023 4474 τῷ
1044 4389 1180 4475 Τίγριδι,
1204 4396 1334 4478 σχοῖνοι
1358 4391 1397 4456 θ’.
1441 4391 1542 4479 Ἄχρι

341 4524 453 4590 τούτου
469 4523 713 4601 Μεσοποταμία
725 4521 779 4584 καὶ
792 4520 1008 4596 Βαβυλωνία·
1026 4518 1081 4582 καὶ
1093 4517 1174 4582 εἰσὶν
1187 4518 1254 4583 ἀπό
1265 4519 1448 4600 Ζεύγματος
1466 4519 1543 4607 ἄχρι

342 4651 529 4715 Σελευκείας
547 4653 675 4734 σχοῖνοι
691 4650 770 4731 ροα’.
