3524 5504
880 392 921 452 10

626 665 833 728 ΠΑΡΘΙΑΣ
868 664 1159 726 ΠΕΡΙΗΓΗΣΙΣ

344 857 397 918 20.
422 856 606 920 Athenaeus
624 860 720 941 III,p
742 878 796 940 93,
813 860 862 921 D:
888 854 1051 940 Ἰσιδωρος
1069 854 1095 918 δ’
1110 853 1126 917 ὁ
1142 855 1330 939 Χαρακηνὸς
1341 855 1428 939 ε’ντῴ
1439 861 1494 936 τῆς

298 993 687 1081 ΠαρθιῖιςΠεριηγητικῷ
701 997 784 1061 κατὰ
801 997 836 1062 τὸ
854 995 1014 1082 Περσικὸν
1024 997 1175 1078 πέλαγος
1189 995 1289 1077 νῆσόν
1305 1002 1405 1080 φησιν
1416 997 1495 1062 εῖναὶ

297 1161 375 1214 τινα,
389 1134 466 1200 ἔνθα
482 1138 643 1217 πλείστην
659 1143 850 1223 μαργαρῖτιν
865 1137 1078 1223 εὑρίσκεσθαι.
1127 1136 1249 1222 Διόπερ
1266 1136 1401 1224 σχεδίας
1418 1149 1495 1204 καλ-

444 1245 446 1264 ,

296 1279 409 1353 αμίνας
426 1279 519 1362 πέριξ
534 1277 614 1344 εἶναι
629 1285 684 1360 τῆς
698 1279 806 1361 νήσου,
819 1281 855 1361 ἐξ
867 1279 909 1342 ὧν
921 1279 1184 1358 καθαλλομένους
1194 1279 1236 1346 είς
1251 1280 1309 1361 τὴν
1320 1278 1495 1344 θάλασσαν

295 1419 345 1482 ἐπ’
356 1417 483 1504 ὀργυιάς
490 1420 608 1484 εἴκοσιν
620 1422 787 1506 ἀναφέρειν
797 1419 931 1493 διπλοῦς
940 1421 1083 1502 κύγκους.
1124 1420 1217 1486 Φασὶ
1228 1419 1263 1498 δ’,
1271 1419 1348 1485 ὅταν
1358 1422 1494 1507 βρονταὶ

295 1567 438 1648 συνεχεῖς
455 1563 514 1626 ὦσι
527 1563 582 1626 καὶ
597 1562 728 1653 ὄμβρων
740 1563 895 1649 ἐκχύσεις,
907 1561 979 1626 τότε
991 1565 1123 1642 μᾶλλον
1134 1563 1194 1642 τὴν
1205 1563 1321 1626 πίνναν
1336 1565 1429 1638 κύειν,
1440 1563 1494 1627 καὶ

294 1707 454 1784 πλείστην
464 1705 631 1787 γίγνεσθαι
640 1710 831 1791 μαργαρῖτιν
841 1705 896 1769 καὶ
905 1705 1067 1787 εὐμεγέθη.
1098 1707 1164 1769 Τοῦ
1174 1703 1208 1770 δὲ
1218 1708 1372 1792 χειμῶνος
1383 1705 1425 1772 εἰς
1437 1707 1493 1774 τάς

294 1825 467 1935 ἐμβυθίους
478 1847 628 1928 θαλάμας
640 1845 739 1912 δύνειν
748 1847 897 1912 εἰώθασιν
907 1846 943 1912 αῖ
950 1849 1069 1912 πίνναι·
1081 1847 1189 1932 θέρους
1201 1847 1301 1916 δὲτὰς
1313 1849 1370 1927 μὲν
1380 1853 1492 1915 νύκτας

295 1991 451 2077 κεχήνασι
468 1988 704 2077 διανηχόμεναι,
723 1991 839 2072 ἡμέρας
857 1989 891 2054 δέ
907 1992 1049 2068 μύουσιν.
1093 1988 1198 2054 Ὅσαι
1223 1990 1248 2052 δ’
1268 1990 1308 2054 ἀν
1324 1991 1455 2076 πέτραις
1471 1993 1491 2072 ἢ

293 2131 436 2196 σπιλάσι
449 2133 654 2217 προσφυῶσι,
666 2131 895 2217 “ριζοβολοῦσι,
908 2132 1073 2196 κάνταῦθα
1090 2131 1219 2196 ἐνδῦσαι
1231 2132 1289 2214 τὴν
1301 2139 1493 2219 μαργαρῖτιν

292 2278 436 2356 γεννῶσι.
485 2277 723 2356 Ζωογονοῦνται
736 2273 837 2339 δὲκαὶ
850 2275 1020 2359 τρέφονται
1034 2275 1085 2338 διὰ
1097 2279 1152 2338 τοῦ
1164 2275 1435 2360 προσπεφυκότος
1452 2278 1491 2363 τῇ

597 2377 650 2404 ,,,,

292 2415 390 2503 σαρκὶ
405 2417 525 2502 μέρους.
548 2414 554 2420 ’
575 2407 677 2482 Τοῦτο
691 2415 726 2481 δὲ
741 2417 932 2499 συμπέφυκε
949 2417 992 2502 τῷ
1006 2421 1062 2482 τοῦ
1074 2416 1201 2504 κόγχου
1217 2417 1367 2498 στόματι,
1383 2419 1492 2505 χηλὰς

291 2560 369 2646 Ιέχον
380 2560 436 2652 καὶ1
446 2559 545 2642 νομὴν
553 2557 711 2643 εἰσφέρον.
755 2558 800 2623 Ὅ
813 2557 852 2640 δή
863 2560 951 2624 ἐστιν
961 2559 1059 2627 ἐοικὸς
1070 2562 1208 2645 καρκίνῳ
1219 2561 1327 2644 μικρῷ,
1339 2562 1493 2640 καλούμεε

291 2729 344 2766 νον
354 2702 567 2785 πιννοφύλαξ.
616 2701 725 2782 Διήκει
736 2699 762 2764 δ’
775 2702 810 2766 ἐκ
821 2703 934 2767 τούτου
945 2703 964 2783 ἡ
974 2701 1059 2787 σὰρξ
1076 2702 1171 2788 μέχρι
1181 2703 1282 2781 μέσου
1293 2706 1349 2766 τοῦ
1359 2704 1491 2790 κόγχου,

291 2843 384 2908 οἱονεὶ
398 2841 490 2929 ’ρίζα,
501 2849 577 2928 παρ’
594 2843 633 2923 ἢν
649 2844 668 2924 ἡ
683 2848 868 2928 μαργαρῖτις
886 2844 1073 2924 γεννωμένη,
1084 2844 1212 2924 αὔξεται
1230 2843 1282 2907 διὰ
1293 2848 1348 2907 τοῦ
1362 2849 1492 2930 στερεοῦ

290 2984 551 3072 τῆςκόγχης,καὶ
560 2986 715 3070 τρέφεται,
725 2984 1133 3071 όσονάνῇπροσπεφυκυῖα
1141 2984 1268 3072 χρόνον.
1295 2986 1492 3050 Ἐπειδάνδέ

289 3129 380 3213 παρὰ
387 3128 445 3210 τὴν
455 3127 590 3211 ἐκφυσιν
599 3126 796 3207 ὑποδυομένη
806 3129 825 3208 ἡ
835 3127 920 3212 σὰρξ
931 3127 987 3190 καὶ
996 3129 1153 3205 μαλακῶς
1165 3127 1358 3206 ἐντέμνουσα
1365 3095 1491 3216 χωρίσῃ

290 3271 347 3353 τὴν
359 3273 550 3355 μαργαρῖτιν
562 3268 627 3332 ἀπὸ
640 3272 695 3332 τοῦ
707 3267 840 3355 κόγχου,
855 3267 1052 3354 ἀμπέχουσα
1065 3268 1124 3347 μὲν
1135 3268 1238 3332 οὐκέτι
1251 3269 1367 3352 τρέφει,
1379 3271 1493 3334 λειοτέ-

288 3439 348 3498 ραν
358 3411 384 3475 δ’
396 3410 560 3493 αὐτὴνκαὶ
573 3410 799 3495 διαυγεστέραν
808 3414 894 3474 ποιεῖ
905 3408 960 3472 καὶ
968 3409 1206 3494 καθαρωτέραν.
1254 3407 1297 3472 Ἥ
1309 3410 1366 3488 μὲν
1377 3409 1431 3474 οῦν
1443 3411 1491 3490 ἐμ-

289 3531 402 3632 βύθιος
418 3556 516 3618 πίννα
529 3551 761 3634 διαυγεστάτην
770 3556 855 3615 ποιεῖ
866 3550 920 3614 καῖ
929 3549 1163 3635 καθαρωτάτην
1172 3552 1227 3615 καὶ
1236 3550 1384 3632 μεγάλην
1396 3554 1492 3641 γεννᾴ

289 3701 489 3783 μαργαρῖτιν,
506 3697 526 3777 ἦ
544 3693 577 3759 δέ
601 3691 849 3770 ἐπιπολάζουσα
865 3691 920 3756 καὶ
944 3693 1106 3776 ἀνωφερὴς
1124 3691 1176 3756 διὰ
1193 3692 1228 3756 τὸ
1245 3692 1307 3756 ὑπὸ
1324 3697 1379 3756 τοῦ
1397 3695 1491 3775 ἡλίου

245 3858 246 3862 ’
289 3838 584 3916 ἀκτινοβολεῖσθαι,
598 3834 755 3923 δύσχρους
773 3834 960 3914 καῖῆσσων.
1009 3833 1237 3899 Κινδυνεύουσι
1251 3832 1277 3896 δ’
1291 3833 1323 3897 οἱ
1335 3835 1489 3920 θηρῶντες
1543 3843 1545 3846 ’

290 3983 360 4051 τοὺς
377 3982 585 4067 μαργαρίτας,
602 3978 679 4042 ὅταν
694 3977 736 4044 εῖς
753 3975 913 4064 κεχηνότα
938 3976 1062 4064 κόγχον
1078 3976 1148 4040 κατ’
1165 3976 1240 4040 εὐθύ
1256 3977 1415 4041 ἐκτείνωσι
1433 3978 1490 4060 τὴν

288 4131 393 4212 χεῖρα·
411 4126 480 4203 μύει
496 4123 559 4207 γὰρ
575 4119 657 4199 τότε,
675 4119 730 4183 καὶ
746 4117 908 4185 πολλάκις
926 4117 958 4182 οἱ
973 4117 1125 4182 δάκτυλοι
1141 4118 1246 4181 αὐτῶν
1262 4120 1487 4202 ἀποπρίονται·
1543 4159 1546 4168 ·

289 4267 363 4332 ἔνιοι
387 4263 498 4330 δὲκαὶ
521 4267 726 4348 παραχρῆμα
749 4259 1023 4340 ἀποθνήσκουσιν.
1067 4257 1166 4323 Ὅσοι
1184 4257 1210 4321 δ’
1235 4258 1276 4322 ἂν
1292 4257 1326 4322 ἐκ
1344 4261 1488 4340 πλαγίου

290 4383 455 4474 ὑποθέντες
480 4406 538 4487 τὴν
560 4408 654 4492 χεῖρα
678 4403 811 4489 τύχωσι,
827 4399 950 4491 ’ρηδίως
976 4402 1046 4469 τοὺς
1071 4400 1212 4489 κόγχους
1238 4399 1304 4464 ἀπὸ
1321 4403 1377 4465 τοῦ
1394 4399 1488 4464 λίθου

289 4552 497 4616 ἀποσπῶσιν.
