3524 5504
946 377 964 439 8

391 572 404 631 l
415 573 442 632 1.
460 565 623 631 Ἐντεῦθεν
634 565 830 649 Ἀστανηνὴ,
841 572 968 654 σχοῖνοι
979 566 1016 648 ξ’,
1030 569 1063 632 ἐν
1072 567 1093 653 ᾖ
1102 549 1208 647 κῶῖιαι
1218 567 1276 647 ιθ,
1288 570 1321 634 ἐν
1331 569 1380 637 αῖς
1391 569 1553 647 σταθμοί·

350 692 445 758 πόλις
470 691 504 755 δὲ
518 691 658 766 Ἀσαὰκ,
676 692 708 755 ἐν
723 690 744 777 ᾗ
759 691 924 777 Ἀρσάκης
948 695 1074 777 πρῶτος
1099 693 1257 769 βασιλεὺς
1283 693 1473 781 ἀπεδείχθη·
1500 687 1555 758 καὶ

351 815 548 902 φυλάττεται
564 816 700 880 ἐνταῦθα
717 821 782 902 πῦρ
802 816 973 884 ἀθάνατον.

400 1001 451 1062 12.
477 995 642 1060 Ἐντεῦθεν
666 997 852 1080 Παρθυηνὴ,
870 1001 997 1084 σχοῖνοι
1018 996 1073 1074 κε’,
1090 999 1126 1078 ἦς
1151 996 1267 1062 αὐλών·
1295 999 1511 1084 Παρθαύνισα
1535 1000 1554 1080 ἡ

322 1129 326 1134 ’
352 1123 446 1188 πόλις
464 1120 530 1189 ὰπὸ
546 1122 686 1208 σχοίνων
700 1121 735 1189 ς’·
754 1120 829 1185 ἔνθα
854 1122 1029 1199 βασιλικαὶ
1046 1125 1157 1205 ταφαί·
1169 1123 1332 1204 Ἕλληνες
1351 1124 1384 1189 δὲ
1409 1127 1555 1189 Νίσαιαν

325 1306 327 1310 .
353 1246 513 1326 λέγουσιν.
564 1245 645 1310 Εἶτα
671 1245 783 1331 Γάθαρ
800 1249 895 1314 πόλις
913 1248 978 1311 ἀπὸ
995 1249 1135 1334 σχοίνων
1150 1247 1185 1316 ς’.
1236 1248 1318 1314 Εἶτα
1335 1249 1442 1334 Σιρὼκ
1458 1249 1554 1317 πόλις

354 1373 420 1435 ἀπὸ
435 1372 577 1458 σχοίνων
586 1370 618 1437 ε’.
667 1371 789 1450 Κώμας
801 1371 835 1436 δὲ
845 1372 902 1435 οὐκ
912 1371 978 1459 ἔχει
991 1373 1081 1454 πλὴν
1092 1377 1175 1452 μιᾶς,
1187 1374 1255 1454 ἥτις
1268 1379 1416 1439 καλεῖται
1434 1376 1552 1459 Σωφρί.

402 1570 454 1630 13.
478 1564 642 1630 Ἐντεῦθεν
653 1565 947 1649 Ἀπανορκτικηνὴ,
961 1571 1088 1652 σχοῖνοι
1100 1565 1158 1642 κζ’·
1176 1567 1209 1630 ἐν
1224 1566 1245 1652 ᾗ
1260 1568 1355 1634 πόλις
1372 1567 1556 1653 Ἀπαυαρκ-

355 1692 434 1773 τική.
486 1690 568 1754 Εἶτα
583 1689 707 1772 Ῥαιγαῦ
722 1690 818 1757 πόλις
835 1691 890 1754 καὶ
906 1693 1011 1770 κῶμαι
1029 1689 1093 1757 δύο.

404 1905 453 1968 14.
482 1900 649 1965 Ἐντεῦθεν
674 1900 860 1984 Μαργιανὴ,
878 1905 1005 1986 σχοῖνοι
1029 1899 1070 1967 λ’.
1114 1899 1221 1964 Ἔνθα
1244 1901 1426 1989 Ἀντιόχεια
1443 1903 1462 1983 ἡ
1479 1912 1556 1966 καλ-

357 2027 470 2106 ουμένη
483 2025 646 2110 Ἕνυδρος·
664 2027 769 2104 κῶμαι
786 2024 820 2088 δὲ
837 2025 893 2087 οῦκ
909 2024 1000 2090 εἰσίν.

404 2225 456 2285 15.
482 2217 777 2300 ἘντεῦθενἈρεια,
789 2222 917 2304 σχοῖνοι
930 2217 969 2282 λ’.
1007 2217 1112 2281 Ἔνθα
1125 2216 1260 2282 Κοινδὰκ
1271 2219 1366 2285 πόλις
1378 2219 1432 2282 καὶ
1444 2220 1558 2304 Ἀρτα-

357 2347 459 2410 καῦαν
474 2344 569 2411 πόλις
586 2343 641 2407 καὶ
657 2343 884 2427 Ἀλεξάνδρεια
902 2344 921 2423 ἡ
939 2343 971 2406 ἐν
987 2343 1130 2427 Ἀρείοις·
1145 2345 1252 2422 κῶμαι
1269 2342 1302 2407 δὲ
1318 2342 1355 2410 δ’.

356 2549 398 2630 “s
406 2544 458 2604 16.
484 2537 649 2602 Ἐντεῦθεν
671 2536 815 2599 Ἀναύων
830 2535 922 2623 χώρα
940 2541 994 2610 τῆς
1011 2535 1148 2619 Ἀρείας,
1166 2539 1292 2622 σχοῖνοι
1310 2534 1360 2614 νε’,
1377 2538 1410 2600 ἐν
1425 2535 1446 2623 ᾖ
1461 2537 1556 2604 πόλις

358 2667 494 2744 μεγίστη
514 2663 589 2747 Φρῖι
601 2662 655 2726 καὶ
673 2662 729 2740 Bis
745 2661 840 2727 πόλις
852 2662 906 2724 καὶ
926 2663 1008 2745 Γαρὶ
1024 2660 1119 2726 πόλις
1135 2660 1190 2724 καὶ
1208 2661 1275 2742 Νιὴ
1292 2661 1398 2728 πόλις·
1416 2661 1506 2743 κώμη
1524 2662 1558 2726 δὲ

359 2790 415 2853 οῦκ
432 2790 528 2854 ἔστιν.
591 2823 592 2826 “

407 2969 457 3032 17.
483 2964 647 3028 Ἐντεῦθεν
663 2961 883 3047 Ζαραχγιανὴ,
894 2966 1022 3047 σχοῖνοι
1038 2960 1101 3029 κα’.
1147 2959 1252 3025 Ἔνθα
1268 2961 1364 3028 πόλις
1382 2960 1489 3046 Πάριν
1504 2961 1558 3025 καὶ

359 3091 467 3175 Κορόκ
483 3090 588 3156 πόλις.

407 3277 458 3335 18.
484 3268 650 3333 Ἐντεῦθεν
674 3267 871 3348 Σακαστανὴ
889 3268 1006 3331 Σακῶν
1030 3266 1173 3341 Σκυθῶν,
1191 3267 1210 3345 ἡ
1232 3265 1286 3329 καὶ
1311 3264 1556 3351 Παραιτακηνὴ,

358 3401 484 3481 σχοῖνοι
496 3393 555 3476 ξεί.
591 3392 696 3457 Ἔνθα
709 3391 820 3476 Βαρδά
831 3392 925 3458 πόλις
936 3391 991 3454 καὶ
1003 3394 1072 3454 Μὶν
1088 3392 1184 3458 πόλις
1195 3391 1249 3454 καὶ
1262 3390 1451 3454 Παλακεντὶ
1461 3391 1556 3458 πόλις

358 3521 413 3584 καὶ
429 3521 539 3600 Σιηὰλ
551 3519 656 3585 πόλις·
675 3517 750 3582 ἔνθα
768 3519 930 3594 βασίλεια
956 3518 1079 3579 Σακῶν·
1098 3518 1153 3579 καὶ
1169 3518 1314 3595 πλησίον
1329 3513 1557 3599 Ἀλεξάνδρεια

358 3648 453 3712 πόλις
471 3644 539 3731 (καὶ
555 3645 700 3722 πλησίον
715 3640 1007 3725 Ἀλεξανδρόπολις
1025 3641 1146 3727 πόλις)·
1165 3643 1270 3720 κῶμαι
1287 3639 1321 3704 δὲ
1337 3639 1386 3722 ἕξ.

405 3839 459 3904 19.
486 3837 651 3901 Ἐντεῦθεν
674 3835 876 3920 Ἀραχωσία,
900 3839 1029 3920 σχοῖνοι
1053 3833 1110 3900 λς’.
1164 3835 1292 3912 Ταύτην
1317 3831 1351 3897 δὲ
1375 3832 1407 3896 οἱ
1429 3831 1557 3917 Πάρθοι

359 3963 495 4043 Ἰνδικὴν
511 3962 636 4043 Λευκὴν
651 3964 816 4029 καλοῦσιν·
835 3959 911 4024 ἔνθα
928 3959 1007 4024 Βιῦτ
1022 3959 1118 4026 πόλις
1140 3960 1195 4022 καὶ
1213 3957 1375 4043 Φάρσανα
1391 3958 1486 4024 πόλις
1504 3958 1558 4021 καὶ

360 4087 533 4176 Χοροχοὰδ
546 4086 642 4153 πόλις
656 4085 710 4150 καὶ
722 4087 906 4171 Δημητριὲις
918 4085 1026 4152 πόλις·
1045 4084 1113 4158 εἶτα
1125 4082 1430 4168 Ἀλεξανδρόπολις,
1442 4081 1558 4168 μητρό-

360 4224 455 4281 πολις
472 4193 693 4299 Ἀραχωσίας·
712 4211 780 4275 ἔστι
798 4210 832 4275 δὲ
853 4209 1017 4290 Ἑλληνὶς,
1035 4209 1090 4274 καὶ
1114 4208 1272 4294 παραῤῥεῖ
1296 4208 1396 4290 αὐτὴν
1412 4208 1557 4287 ποταμὸς

358 4337 556 4424 Ἀραχωτός.
600 4338 703 4424 Ἀχρι
720 4337 832 4399 τούτου
847 4336 935 4399 ἐστὶν
951 4337 970 4416 ἦ
987 4338 1050 4399 τῶν
1067 4333 1210 4418 Πάρθων
1225 4332 1419 4417 ἐπικράτεια.

406 4529 570 4614 Ἰσιδώρον
586 4532 781 4614 Χαρακηνοῦ
797 4527 939 4606 σταθμοὶ
957 4527 1125 4611 Παρθικοι.

1735 4833 1736 4866 κ
