3524 5504
927 405 947 467 6

385 601 415 661 2.
441 593 606 659 Ἐντεῦθεν
618 592 754 681 ἄρχεται
772 595 791 674 ἡ
804 594 1074 672 Ἀπολλωνιᾶτις,
1088 593 1155 673 ἥτις
1165 594 1295 682 κατέχει
1306 597 1456 682 σχοίνους
1469 593 1532 678 λη’.

333 719 427 808 Ἔχει
444 718 478 784 δὲ
493 718 609 798 κώμας,
628 720 662 783 ἐν
677 719 727 786 αῖς
743 717 898 797 σταθμός,
917 717 1016 782 πόλιν
1032 717 1066 782 δὲ
1081 717 1260 798 Ἑλληνίδα
1278 720 1463 804 Ἀρτέμιτιι·
1483 719 1535 785 διὰ

338 846 436 925 μέσης
450 843 484 908 δὲ
493 845 610 924 ταύτης
624 843 673 926 ῥεῖ
685 843 830 921 ποταμὸς
847 843 973 906 Σίλλο.
1022 841 1099 907 Εἰσὶ
1115 842 1149 907 δὲ
1164 843 1207 912 εἰς
1224 844 1325 927 αὐτὴν
1340 843 1407 910 ἀπὸ
1424 847 1536 910 Σελευ-

337 971 423 1037 κείας
440 973 569 1056 σχοῖνοι
585 967 629 1033 ιε’.
678 970 750 1032 Νῦν
766 967 873 1046 μέντοι
890 967 1021 1047 ἡπόλις
1038 973 1184 1032 καλεῖται
1201 968 1375 1055 Χαλάσορ.

384 1134 415 1195 3.
439 1126 636 1208 Ἐντεῦθενὴ
653 1129 845 1204 Χολωνῖτις,
860 1131 987 1212 σχοῖνοι
1003 1124 1065 1191 κο’·
1082 1125 1147 1212 ἐνῇ
1159 1129 1264 1206 κῶμοι
1276 1126 1309 1208 ε’,
1324 1129 1357 1192 ἐν
1370 1129 1418 1196 οῖς
1434 1128 1536 1193 σταθ-

339 1253 406 1334 μός,
420 1254 517 1322 πόλις
534 1251 568 1317 δὲ
582 1251 736 1333 Ἑλληνὶς
748 1223 868 1330 ’Χάλο,
882 1249 948 1315 ἀπὸ
964 1257 1019 1332 τῆς
1030 1251 1327 1320 Ἀπολλωνιάτιδος
1344 1259 1472 1341 σχοῖνοι
1489 1253 1532 1319 ιε’.

341 1379 421 1444 Εἶτα
437 1377 503 1443 ἀπὸ
519 1379 662 1464 σχοίνων
676 1375 700 1442 ε’
715 1376 785 1461 ὄρος
803 1376 819 1440 δ
836 1381 983 1440 καλεῖται
1007 1375 1142 1461 Ζάγρος,
1160 1377 1238 1462 ὅπερ
1254 1376 1347 1462 ὁρίζει
1371 1378 1430 1460 τὴν
1445 1381 1537 1443 Χολ-

340 1509 445 1569 ωνῖτιν
459 1503 571 1590 χώραν
586 1503 641 1568 καὶ
657 1503 716 1584 τὴν
732 1505 795 1566 τῶν
812 1501 944 1582 Μήδων.

385 1659 415 1719 4,
443 1654 608 1718 Ἐντεῦθεν
625 1651 748 1732 Μηδία,
762 1651 829 1731 ἥτις
843 1652 971 1738 κατέχει
985 1653 1134 1738 σχοίνους
1151 1653 1216 1729 κθ.
1265 1652 1308 1716 Ἡ
1327 1654 1414 1740 ἀρχὴ
1431 1654 1537 1717 αὐτῶν

340 1781 358 1860 ἡ
375 1778 465 1866 χώρα
482 1777 619 1863 Κάρινο·
637 1776 705 1864 ἐνῇ
720 1779 825 1856 κῶμοι
841 1775 874 1854 ε’,
892 1777 925 1840 ἐν
940 1776 989 1843 οἷς
1006 1776 1162 1857 σταθμός,
1181 1777 1276 1845 πόλις
1294 1777 1327 1842 δὲ
1343 1779 1482 1857 οὐδεμία.

388 1943 419 2003 5.
444 1936 609 2001 Ἐντεῦθεν
624 1934 834 2016 Γομβοδηνὴ,
849 1934 916 2014 ἥτις
929 1935 1058 2021 κατέχει
1073 1937 1223 2021 σχοίνους
1237 1936 1300 2012 λα’,
1311 1937 1343 2000 ἐν
1355 1935 1375 2022 ᾗ
1387 1939 1492 2014 κῶμοι
1502 1935 1534 2014 ε’,

339 2064 371 2127 ἐν
381 2063 430 2128 αῖς
440 2060 596 2141 σταθμός,
606 2061 702 2128 πόλις
714 2060 747 2124 δὲ
762 2058 921 2124 Βάπτανο
931 2060 981 2123 ἐπ’
992 2059 1080 2144 ὅρους
1091 2059 1227 2139 κειμένη·
1239 2043 1318 2124 ἔνθα
1326 2060 1537 2146 Σεμιράμιδος

340 2187 477 2270 άχαλμο
494 2191 550 2251 καὶ
565 2186 681 2267 στήλη.

386 2342 417 2404 6.
441 2335 606 2402 Ἐντεῦθεν
619 2337 637 2416 ἡ
655 2335 770 2416 Μηδία
788 2338 807 2416 ἡ
820 2334 894 2413 ἄνω,
907 2340 1034 2422 σχοῖνοι
1047 2334 1110 2416 λη’·
1128 2335 1183 2400 καὶ
1195 2334 1330 2422 άρχετοι
1343 2336 1432 2404 εὐθὺς
1443 2335 1538 2404 πόλις

340 2460 532 2547 Κυγκοβάρ·
550 2461 626 2526 ἔνθα
642 2458 826 2547 Ἀρτέμιδος
844 2459 935 2544 ἱερόν,
951 2465 1078 2547 σχοῖνοι
1094 2458 1133 2542 γ’.
1185 2460 1268 2524 Εἶτα
1285 2452 1541 2554 Βαζιηράβαν,ὅ

340 2589 408 2652 ἐστι
433 2586 590 2665 τελώνιον,
609 2590 736 2673 σχοῖνοι
752 2584 791 2667 1γ’.
842 2585 925 2650 Εἶτα
941 2585 983 2652 εἰς
999 2584 1210 2670 Ἀδραπάυον
1227 2585 1267 2649 τὰ
1291 2559 1383 2662 βασί
1389 2564 1461 2650 λεια
1478 2587 1541 2649 τών

340 2714 373 2778 ἐν
398 2710 562 2791 Βατάνοις,
589 2711 610 2776 ἃ
634 2709 792 2796 Τιγράνης
817 2709 834 2772 ὁ
859 2711 1022 2794 Ἀρμένιος
1047 2710 1186 2788 καθεῖλε,
1211 2715 1340 2797 σχοῖνοι
1364 2710 1400 2778 δ’,
1460 2709 1540 2775 Εῖτα

341 2837 483 2917 Βάτονο,
502 2836 700 2921 μητρόπολις
718 2834 847 2916 Μηδίας
872 2833 927 2898 καὶ
951 2834 1255 2920 θησανροφνλάκιον
1273 2835 1328 2899 καὶ
1353 2835 1444 2919 ἱερόν,
1462 2835 1540 2921 ὅπερ

341 2962 529 3030 Ἀναίτιδος·
547 2960 596 3026 ἀεὶ
613 2960 753 3026 θύουσιν·
771 2965 899 3047 σχοῖνοι
915 2958 971 3028 ιθ.
1024 2958 1106 3024 Εἶτα
1123 2959 1193 3041 ἑξῆς
1211 2965 1291 3046 τρεῖς
1308 2963 1424 3040 κῶμαι,
1441 2961 1475 3025 ἐν
1490 2959 1539 3027 οῖς

340 3086 491 3166 σταθμός.

387 3238 415 3302 7.
443 3236 609 3300 ’Ἐντεῦθεν
631 3235 817 3328 [Ῥαχιανὴ]
842 3235 968 3315 Μηδία,
981 3239 1109 3322 σχοῖνοι
1132 3235 1227 3328 [νη’].
1277 3215 1492 3321 Ἐνῇκῶμιιι
1508 3233 1538 3314 ι’,

339 3361 448 3427 πόλεις
466 3357 543 3428 δὲε’.
602 3358 679 3425 Απὸ
695 3362 835 3447 σχοίνων
857 3360 884 3436 ζ
899 3359 1003 3440 Ῥάγο
1027 3359 1082 3424 καὶ
1105 3359 1235 3444 Χάραξ,
1253 3361 1296 3424 ὧν
1320 3362 1457 3441 μεγίστη
1476 3362 1540 3424 τῶν

339 3485 423 3549 κατὰ
440 3484 498 3566 τὴν
519 3483 653 3564 Μηδίαν
697 3483 811 3565 Ῥάχα
860 3484 916 3552 Εἰς
934 3482 967 3548 δὲ
984 3485 1042 3565 τὴν
1065 3483 1206 3569 Χάροκο
1230 3487 1357 3568 πρῶτος
1381 3483 1538 3561 βασιλεὺς

341 3609 496 3694 Φραάτης
514 3610 584 3678 τοῦς
609 3609 762 3696 Μάρδους
780 3607 900 3694 ᾤκισεν·
918 3607 1006 3673 ἔστιν
1022 3608 1084 3673 ῦπὸ
1101 3608 1136 3672 τὸ
1151 3609 1231 3694 ὄρος,
1250 3609 1266 3672 ὃ
1283 3613 1430 3673 καλεῖται
1446 3607 1539 3672 Κάσ-

340 3760 422 3814 πιος,
441 3735 498 3818 ἀφ’
515 3736 551 3798 οῦ
567 3732 723 3799 Κάσπιοι
738 3735 850 3801 πόλοι.

386 3894 417 3955 8.
442 3889 606 3954 Ἐντεῦθεν
622 3887 832 3974 ὑπερβάντων
847 3890 904 3957 τὰς
921 3889 1079 3956 Κασπίας
1097 3891 1204 3956 πύλας
1221 3889 1309 3952 ἐστὶν
1325 3888 1434 3952 αὐλὼν
1449 3887 1503 3952 καὶ
1520 3888 1539 3968 ἡ

340 4015 501 4099 Χοορηνή,
519 4018 661 4107 [σχοῖνοι
678 4013 751 4103 ιθ]
765 4015 799 4079 ἐν
813 4013 834 4100 ᾗ
849 4011 1013 4092 Ἀπάμειο
1029 4014 1124 4080 πόλις
1142 4013 1207 4077 ἀπὸ
1224 4013 1416 4111 σχοίνων-ηδ’·
1427 4005 1536 4092 Ικῶμοι

340 4139 373 4204 δὲ
390 4139 426 4220 δ’,
445 4140 478 4204 ἐν
494 4139 543 4207 οἷς
560 4139 714 4220 σταθμός.

387 4295 416 4354 9.
443 4288 608 4354 Ἐντεῦθεν
617 4289 800 4372 Κομισηνὴ,
815 4294 944 4376 σχοῖνοι
957 4288 1013 4369 νη’,
1028 4290 1061 4353 ἐν
1072 4288 1092 4374 ᾖ
1104 4291 1209 4367 κῶμαι
1222 4291 1261 4368 η’,
1275 4289 1308 4353 ἐν
1320 4289 1369 4356 οῖς
1383 4287 1538 4367 σταθμός·

339 4415 433 4481 πόλις
452 4413 485 4479 δὲ
500 4426 557 4478 οὐκ
573 4413 669 4481 ἔστιν.

388 4571 438 4629 10.
463 4563 629 4630 Ἐντεῦθεν
640 4563 803 4649 Ὑρκανία,
816 4569 943 4649 σχοῖνοι
959 4563 997 4644 ξ’,
1011 4565 1044 4627 ἐν
1059 4563 1079 4649 ᾖ
1092 4566 1197 4642 κῶμοι
1211 4563 1264 4643 ια’,
1278 4565 1311 4627 ἐν
1323 4564 1372 4630 οἷς
1385 4562 1536 4641 σταθμοί.
